@article{DBLP:Kakade02approximatelyoptimal,
    author = {Sham Kakade and John Langford},
    title = {Approximately Optimal Approximate Reinforcement Learning},
    booktitle = {IN PROC. 19TH INTERNATIONAL CONFERENCE ON MACHINE LEARNING},
    year = {2002},
    pages = {267--274},
    publisher = {}
}

@article{DBLP:journals/corr/MnihKSGAWR13,
  author    = {Volodymyr Mnih and
               Koray Kavukcuoglu and
               David Silver and
               Alex Graves and
               Ioannis Antonoglou and
               Daan Wierstra and
               Martin A. Riedmiller},
  title     = {Playing Atari with Deep Reinforcement Learning},
  journal   = {CoRR},
  volume    = {abs/1312.5602},
  year      = {2013}
}

@article{DBLP:journals/corr/SchulmanLMJA15,
  author    = {John Schulman and
               Sergey Levine and
               Philipp Moritz and
               Michael I. Jordan and
               Pieter Abbeel},
  title     = {Trust Region Policy Optimization},
  journal   = {CoRR},
  volume    = {abs/1502.05477},
  year      = {2015}
}

@article{DBLP:journals/corr/SchulmanWDRK17,
  author    = {John Schulman and
               Filip Wolski and
               Prafulla Dhariwal and
               Alec Radford and
               Oleg Klimov},
  title     = {Proximal Policy Optimization Algorithms},
  journal   = {CoRR},
  volume    = {abs/1707.06347},
  year      = {2017}
}

@article{DBLP:lillicrap2015continuous,
    title={Continuous control with deep reinforcement learning},
    author={Timothy P. Lillicrap and Jonathan J. Hunt and Alexander Pritzel and Nicolas Heess and Tom Erez and Yuval Tassa and David Silver and Daan Wierstra},
    year={2015},
    eprint={1509.02971},
    archivePrefix={arXiv},
    primaryClass={cs.LG}
}

@article{DBLP:ShipraAgrawalRLLecture7,
    title={Lecture 7: Approximately optimal approximate RL, TRPO},
    author={Shipra Agrawal},
    year      = {2019},
    biburl    = {https://ieor8100.github.io/rl/docs/Lecture%207%20-Approximate%20RL.pdf},
    bibsource = {IEOR 8100: Reinforcement learning}
}