\section{reference}
\begin{itemize}
    \item {\bf HIGH-DIMENSIONAL CONTINUOUS CONTROL USING GENERALIZED ADVANTAGE ESTIMATION}\newline
\end{itemize}